@online{clase-plp,
	title = {Clase de cálculo lambda (Primera parte)},
	url = {http://www.dc.uba.ar/materias/plp/cursos/2017/cuat1/descargas/teoricas/lambda1.pdf},
	author = {{Materia Paradigmas de Lenguajes de Programación}},
	year = {2017}
}

@online{ply-docs,
	title = {PLY: Documentación},
	url = {http://www.dabeaz.com/ply/ply.html}
}
